@book{Piaget1970GeneticEpistemology,
  author    = {Jean Piaget},
  title     = {Genetic Epistemology},
  year      = {1970},
  publisher = {Columbia University Press},
  address   = {New York},
  isbn      = {0231039151},
  annote    = {Summary: Piaget's program for explaining the genesis of knowledge via the development of sensorimotor coordinations, operations, and equilibration. Emphasizes construction of invariants through action and accommodation—useful for grounding how bodily architectures (e.g., segmentation/bilaterality) scaffold comparison and control.},
  keywords  = {genetic epistemology, development, cognition, equilibration, embodiment, construction of knowledge}
}

@book{Piaget1971BiologyAndKnowledge,
  author    = {Jean Piaget},
  title     = {Biology and Knowledge: An Essay on the Relations between Organic Regulations and Cognitive Processes},
  year      = {1971},
  publisher = {University of Chicago Press},
  address   = {Chicago},
  isbn      = {0226667758},
  annote    = {Summary: Argues for deep continuity between biological regulation and cognitive structures. Frames cognition as an adaptive regulatory process, aligning with a distributed nervous system view where segmentation and bilateral symmetry provide modular comparators and regulators.},
  keywords  = {Piaget, biology and cognition, regulation, adaptation, embodiment, developmental epistemology}
}

@article{HannibalPatel2013WhatIsASegment,
  author   = {Roberta L. Hannibal and Nipam H. Patel},
  title    = {What is a segment?},
  journal  = {EvoDevo},
  year     = {2013},
  volume   = {4},
  number   = {35},
  doi      = {10.1186/2041-9139-4-35},
  annote   = {Summary: Clarifies definitions and criteria for segments across taxa, disentangling morphological, developmental, and molecular markers. Useful for specifying what exactly co-evolves with nerve-cord modularity along the A–P axis.},
  keywords = {segment definition, metamerism, morphology, evo-devo, arthropods, annelids}
}

@article{ChipmanArias2019ArthropodSegmentation,
  author   = {Ariel D. Chipman and Andreu J. García-Bellido Arias},
  title    = {Arthropod segmentation},
  journal  = {Development},
  year     = {2019},
  volume   = {146},
  number   = {18},
  pages    = {dev170480},
  doi      = {10.1242/dev.170480},
  annote   = {Summary: Review of mechanisms generating repeated segments in arthropods, including clock-and-wavefront dynamics and pair-rule networks; discusses evolutionary transitions. Provides molecular parallels for segmentation logic relevant to other bilaterians.},
  keywords = {arthropods, segmentation clock, pair-rule genes, evolution, developmental mechanisms}
}

@article{DenesEtAl2007CellAnnelidCord,
  author   = {Andr{\'a}s S. Denes and others},
  title    = {Molecular Architecture of Annelid Nerve Cord Supports Common Origin of Nervous System Centralization in Bilateria},
  journal  = {Cell},
  year     = {2007},
  volume   = {129},
  number   = {2},
  pages    = {277--288},
  doi      = {10.1016/j.cell.2007.02.040},
  annote   = {Summary: Comparative gene-expression mapping in the annelid \emph{Platynereis} reveals conserved mediolateral domains in the nerve cord aligned with segments, supporting a shared bilaterian plan. Key evidence for co-evolution of metamerism and an elongate, modular nerve cord (a DNS).},
  keywords = {nervous system centralization, annelid, nerve cord, segmentation, bilateria, comparative neurogenesis}
}

@article{Telford2007SingleOriginCNS,
  author   = {Maximilian J. Telford},
  title    = {A Single Origin of the Central Nervous System?},
  journal  = {Cell},
  year     = {2007},
  volume   = {129},
  number   = {2},
  pages    = {220--222},
  doi      = {10.1016/j.cell.2007.04.006},
  annote   = {Summary: Perspective contextualizing Denes et~al. (2007), arguing for a conserved ground plan for CNS centralization across Bilateria. Reinforces the view that the longitudinal, segmentally organized “center” is distributed.},
  keywords = {evo-devo, CNS origins, bilateria, comparative neurobiology, centralization}
}

@article{AulehlaPourquie2010SignalingGradients,
  author   = {Alexander Aulehla and Olivier Pourqui{\'e}},
  title    = {Signaling gradients during paraxial mesoderm development},
  journal  = {Development},
  year     = {2010},
  volume   = {137},
  number   = {10},
  pages    = {1591--1604},
  doi      = {10.1242/dev.044283},
  annote   = {Summary: Reviews Wnt and FGF gradients that maintain the posterior growth zone and control the Notch-driven segmentation clock. Establishes conserved A–P patterning logic that repeatedly lays down segments.},
  keywords = {Wnt, FGF, Notch, segmentation clock, paraxial mesoderm, somite formation}
}

@article{WahlEtAl2007FGFUpstream,
  author   = {Michael B. Wahl and others},
  title    = {FGF signaling acts upstream of the NOTCH and WNT signaling pathways to control segmentation clock oscillations in mouse somitogenesis},
  journal  = {Developmental Biology},
  year     = {2007},
  volume   = {303},
  number   = {1},
  pages    = {1--14},
  doi      = {10.1016/j.ydbio.2006.11.024},
  annote   = {Summary: Functional genetics in mouse show FGF positions the wavefront and modulates Notch/Wnt oscillations, providing a causal hierarchy for the clock-and-wavefront mechanism.},
  keywords = {FGF, Notch, Wnt, somitogenesis, segmentation clock, wavefront}
}

@article{SonnenEtAl2018PhaseShift,
  author   = {Katharina F. Sonnen and others},
  title    = {Modulation of Phase Shift between Wnt and Notch Controls Mesoderm Segmentation},
  journal  = {Cell},
  year     = {2018},
  volume   = {172},
  number   = {5},
  pages    = {1079--1090.e12},
  doi      = {10.1016/j.cell.2018.02.026},
  annote   = {Summary: Demonstrates that the relative phase of Wnt and Notch oscillations is critical for correct segmentation; mechanistic evidence linking conserved pathways to boundary periodicity.},
  keywords = {segmentation clock, Wnt, Notch, oscillations, boundary formation}
}

@article{ArendtNueblerJung1994NatureInversion,
  author   = {Detlev Arendt and Klaus N{\"u}bler-Jung},
  title    = {Inversion of dorsoventral axis?},
  journal  = {Nature},
  year     = {1994},
  volume   = {371},
  pages    = {26},
  doi      = {10.1038/371026a0},
  annote   = {Summary: Brief communication proposing D–V axis inversion between protostomes and chordates, focusing on nerve cord position. Anchors cross-phyla comparisons of bilateral patterning.},
  keywords = {dorsoventral inversion, bilateria, nerve cord, axis evolution}
}

@article{Gerhart2000PNASInversion,
  author   = {John Gerhart},
  title    = {Inversion of the chordate body axis: Are there alternatives?},
  journal  = {Proceedings of the National Academy of Sciences},
  year     = {2000},
  volume   = {97},
  number   = {9},
  pages    = {4445--4448},
  doi      = {10.1073/pnas.97.9.4445},
  annote   = {Summary: Evaluates alternative scenarios and evidence for the chordate D–V inversion hypothesis, situating conserved patterning signals in a comparative framework.},
  keywords = {axis inversion, chordates, dorsoventral, evo-devo, comparative embryology}
}
